<?xml version="1.0" encoding="UTF-8"?><collection xmlns="http://www.loc.gov/MARC21/slim"><record><leader>00447nam--2200145-i-4500</leader><controlfield tag="001">000006997</controlfield><controlfield tag="002">20161230</controlfield><controlfield tag="005">20170222151100</controlfield><controlfield tag="008">060222s1000------------r-----000-0-eng-d</controlfield><datafield ind1=" " ind2=" " tag="100"><subfield code="a">Csakvary, Francois</subfield></datafield><datafield ind1=" " ind2=" " tag="245"><subfield code="a">Etude des conditions d obtention d une orientation nucleaire du niveau 6 3p0 du mercure niveaux 5 3p1 et 5 1p1 du zinc</subfield></datafield><datafield ind1=" " ind2=" " tag="260"><subfield code="a">Paris</subfield><subfield code="b">Universite De Paris</subfield><subfield code="c">F.An</subfield></datafield><datafield ind1=" " ind2=" " tag="300"><subfield code="a">33 p</subfield></datafield><datafield ind1=" " ind2=" " tag="852"><subfield code="a">539</subfield></datafield><datafield ind1=" " ind2=" " tag="CAT"><subfield code="a">SYS</subfield><subfield code="c">20170222</subfield><subfield code="h">151100</subfield></datafield></record></collection>